@Misc{botland-arduino,
  author =   {Botland.com},
  title =    {Arduino Nano 33 BLE - ABX00030},
  howpublished = {\url{https://botland.com.pl/pl/arduino-seria-nano-oryginalne-plytki/14758-arduino-nano-33-ble-abx00030-7630049201491.html}},
  month =    7,
  year =     2020}
@Misc{flex-sensor,
  author =   {Botland.com},
  title =    {Czujnik ugięcia 112 x 6,3 mm - SparkFun SEN-08606},
  howpublished = {\url{https://botland.com.pl/pl/czujniki-nacisku/2406-czujnik-ugiecia-112-x-63-mm-sparkfun-sen-08606.html}},
  month =    7,
  year =     2020}
@Misc{velostat,
  author =   {Adafruit},
  title =    {Pressure-Sensitive Conductive Sheet},
  howpublished = {\url{https://www.adafruit.com/product/1361}},
  month =    7,
  year =     2020}
@Misc{rezystor,
  author =   {Forbot},
  title =    {Rezystor - co warto wiedzieć},
  howpublished = {\url{https://forbot.pl/blog/leksykon/rezystor}},
  month =    7,
  year =     2020}
@Misc{v-divider,
  author =   {Khan Academy},
  title =    {Voltage divider},
  howpublished = {\url{https://www.khanacademy.org/science/electrical-engineering/ee-circuit-analysis-topic/ee-resistor-circuits/a/ee-voltage-divider}},
  month =    7,
  year =     2020}
@Misc{jArduino,
  author =   {Piotr Bugalski},
  title =    {(Arduino, co w środku… – część 3 – źródło wbudowanych funkcji)},
  howpublished = {\url{https://forbot.pl/blog/arduino-co-w-srodku-3-zrodlo-wbudowanych-funkcji-id17291}},
  month =    7,
  year =     2020} 
  
@Misc{guideArduino,
  author =   {SM},
  title =    {Getting started with the Arduino NANO 33 BLE},
  howpublished = {\url{https://www.arduino.cc/en/Guide/NANO33BLE}},
  month =    7,
  year =     2020} 
@Misc{ArduinoBLE,
  author =   {SM},
  title =    {ArduinoBLE Library},
  howpublished = {\url{https://www.arduino.cc/en/Reference/ArduinoBLE}},
  month =    7,
  year =     2020} 
@Misc{ArduinoIMU,
  author =   {SM},
  title =    {Arduino LSM9DS3 library},
  howpublished = {\url{https://www.arduino.cc/en/Reference/ArduinoLSM9DS1}},
  month =    7,
  year =     2020} 
@Misc{ArduinoDoc,
  author =   {Arduino},
  title =    {Language Reference},
  howpublished = {\url{https://www.arduino.cc/reference/en/}},
  month =    7,
  year =     2020} 
@Misc{ArduinoBug,
  author =   {Russell108},
  title =    {BLE nano 33 does not report or disconnect from central},
  howpublished = {\url{https://github.com/arduino-libraries/ArduinoBLE/issues/33}},
  month =    5,
  year =     2020} 
@Misc{gimbal,
  author =   {Dejan},
  title =    {Arduino and MPU6050 Accelerometer and Gyroscope Tutorial},
  howpublished = {\url{ https://howtomechatronics.com/tutorials/arduino/arduino-and-mpu6050-accelerometer-and-gyroscope-tutorial/}},
  month =    7,
  year =     2020}
  @Misc{ledsensor,
  author =   {Allan D. Murray},
  title =    {Oprical flex sensors},
  howpublished = {\url{https://www.instructables.com/id/Optical-Flex-Sensor/}},
  month =    7,
  year =     2017} 
@Misc{sensorslab,
  author =   {Redshifts Labs},
  title =    {UM7 content library},
  howpublished = {\url{https://redshiftlabs.com.au/support-services/um7-content-library/}},
  month =    7,
  year =     2020}  
  @Misc{sceneform,
  author =   {Google},
  title =    {Sceneform overview},
  howpublished = {\url{https://developers.google.com/sceneform/develop}},
  month =    3,
  year =     2020}
  
  
  
  @Misc{sjp1,
  author =   {SJP Pwn},
  title =    {rzeczywistość},
  howpublished = {\url{https://sjp.pwn.pl/slowniki/rzeczywisto%C5%9B%C4%87.html}},
  month =    7,
  year =     2020}   
  @Misc{XR,
  author =   {Piotr Sarmini},
  title =    {XR - rzeczywistość skrzyżowana, czy ukrzyżowana?},
  howpublished = {\url{https://mu.pl/blog/xr--rzeczywistosc-skrzyzowana-czy-ukrzyzowana-13}},
  month =    7,
  year =     2020} 
  @Misc{historia,
  author =   {Łukasz Michalik},
  title =    {Historia wirtualnej rzeczywistości. Skąd wzięły się gogle VR?},
  howpublished = {\url{https://gadzetomania.pl/57627,historia-vr}},
  month =    7,
  year =     2020}   
  @Misc{wynalazki,
  author =   {Alexandra Gibbs},
  title =    {Movie-inspired inventions come to life},
  howpublished = {\url{https://www.cnbc.com/2015/01/14/back-to-the-future-inventions-how-movies-inspired-todays-technology.html}},
  month =    1,
  year =     2015}
  @Misc{filmy,
  author =   {Łukasz Michalik},
  title =    {Najlepsze filmy o wirtualnej rzeczywistości. Jak wyobrażali ją sobie twórcy Matriksa i 13. piętra?},
  howpublished = {\url{https://gadzetomania.pl/57950,filmy-o-vr-wirtualna-rzeczywistosc}},
  month =    7,
  year =     2020}  
  @Misc{p1,
  author =   {Jillian D'Onfro},
  title =    {Facebook daje tę książkę wszystkim pracownikom działu wirtualnej rzeczywistości},
  howpublished = {\url{https://businessinsider.com.pl/technologie/nowe-technologie/ready-player-one-inspiracja-dla-oculusa/rh7ml9x}},
  month =    8,
  year =     2016}   
  @Misc{sen1,
  author =   {Lucid Dream Society},
  title =    {Lucid Dream Guides},
  howpublished = {\url{https://www.luciddreamsociety.com/how-to/}},
  month =    7,
  year =     2020}  
  @Misc{sen2,
  author =   {Dreams},
  title =    {What Happens In Your Brain While You Dream?},
  howpublished = {\url{https://www.dreams.co.uk/sleep-matters-club/what-happens-in-your-brain-while-you-dream/}},
  month =    7,
  year =     2020}   
  @Misc{terms,
  author =   {Nancy Gupton, Patrick J. Kiger},
  title =    {WHAT’S THE DIFFERENCE BETWEEN AR, VR, AND MR?},
  howpublished = {\url{https://www.fi.edu/difference-between-ar-vr-and-mr}},
  month =    6,
  year =     2020}     
  @Misc{chorobaVR,
  author =   {Systel},
  title =    {Virtual reality, czyli czym jest wirtualna rzeczywistość?},
  howpublished = {\url{https://systel.pl/virtual-reality/}},
  month =    7,
  year =     2020}  
  @Misc{ewolucja,
  author =   {Abdulrahman Jan},
  title =    {The Evolution of Gloves as Input Devices},
  howpublished = {\url{https://medium.com/@b00062378/the-evolution-of-gloves-as-input-devices-84efe6ff72bb}},
  month =    6,
  year =     2019}    
@Article{review,
author = {Jérôme Perret ,Emmanuel Benjamin Vander Poorten},
title = {Touching Virtual Reality: a Review of Haptic Gloves},
journal = {ResearchGate},
year = {2018}
}
  @Misc{manus,
  author =   {Manus VR},
  title =    {Manus Prime},
  howpublished = {\url{https://manus-vr.com/}},
  month =    1,
  year =     2019} 
  @Misc{hi5,
  author =   {Noitom},
  title =    {Hi5},
  howpublished = {\url{https://hi5vrglove.com/}},
  month =    1,
  year =     2019}   
  @Misc{exo,
  author =   {BreqLabs},
  title =    {Exoglobe},
  howpublished = {\url{
						http://www.breqlabs.com/website/index.html
					}},
  month =    1,
  year =     2019} 
  @Misc{avatar,
  author =   {NeuroDigital},
  title =    {AvatarVR},
  howpublished = {\url{
						https://avatarvr.es/
					}},
  month =    1,
  year =     2019}   
    @Misc{capto,
  author =   {CaptoGlove},
  title =    {CaptoGlove},
  howpublished = {\url{
						https://www.captoglove.com/
					}},
  month =    1,
  year =     2019} 
      @Misc{tactai,
  author =   {Tactai},
  title =    {Tactai Haptic Module},
  howpublished = {\url{
					https://www.tactai.com/
					}},
  month =    1,
  year =     2019} 
  @Misc{touchVr,
  author =   {GoTouchVr},
  title =    {VrTouch},
  howpublished = {\url{
						https://www.gotouchvr.com/copy-of-technology-devices-1
					}},
  month =    1,
  year =     2019} 
  @Misc{dexta,
  author =   {Dexmo Robotics},
  title =    {Dexmo Glove},
  howpublished = {\url{
						https://www.dextarobotics.com/en-us
					}},
  month =    1,
  year =     2019} 
   @Misc{haptx,
  author =   {HaptX},
  title =    {HaptX Glove},
  howpublished = {\url{
						https://haptx.com/
					}},
  month =    1,
  year =     2019} 