@Misc{botland-arduino,
  author =   {Botland.com},
  title =    {Arduino Nano 33 BLE - ABX00030},
  howpublished = {\url{https://botland.com.pl/pl/arduino-seria-nano-oryginalne-plytki/14758-arduino-nano-33-ble-abx00030-7630049201491.html}},
  month =    lipiec,
  year =     2020}
@Misc{flex-sensor,
  author =   {Botland.com},
  title =    {Czujnik ugięcia 112 x 6,3 mm - SparkFun SEN-08606},
  howpublished = {\url{https://botland.com.pl/pl/czujniki-nacisku/2406-czujnik-ugiecia-112-x-63-mm-sparkfun-sen-08606.html}},
  month =    lipiec,
  year =     2020}
@Misc{velostat,
  author =   {Adafruit},
  title =    {Velostat - folia czuła na nacisk i zginanie},
  howpublished = {\url{https://www.adafruit.com/product/1361}},
  month =    lipiec,
  year =     2020}
@Misc{rezystor,
  author =   {Forbot},
  title =    {Rezystor - co warto wiedzieć},
  howpublished = {\url{https://forbot.pl/blog/leksykon/rezystor}},
  month =    lipiec,
  year =     2020}
@Misc{v-divider,
  author =   {Khan Academy},
  title =    {Dzielnik napięcia},
  howpublished = {\url{https://www.khanacademy.org/science/electrical-engineering/ee-circuit-analysis-topic/ee-resistor-circuits/a/ee-voltage-divider}},
  month =    lipiec,
  year =     2020}
@Misc{jArduino,
  author =   {Piotr Bugalski},
  title =    {(Arduino, co w środku… – część 3 – źródło wbudowanych funkcji)},
  howpublished = {\url{https://forbot.pl/blog/arduino-co-w-srodku-3-zrodlo-wbudowanych-funkcji-id17291}},
  month =    lipiec,
  year =     2020} 
  
@Misc{guideArduino,
  author =   {SM},
  title =    {Pierwsze kroki z Arduino NANO 33 BLE},
  howpublished = {\url{https://www.arduino.cc/en/Guide/NANO33BLE}},
  month =    lipiec,
  year =     2020} 
@Misc{ArduinoBLE,
  author =   {SM},
  title =    {Biblioteka ArduinoBLE},
  howpublished = {\url{https://www.arduino.cc/en/Reference/ArduinoBLE}},
  month =    lipiec,
  year =     2020} 
@Misc{ArduinoIMU,
  author =   {SM},
  title =    {Biblioteka Arduino LSM9DS3 },
  howpublished = {\url{https://www.arduino.cc/en/Reference/ArduinoLSM9DS1}},
  month =    lipiec,
  year =     2020} 
@Misc{ArduinoDoc,
  author =   {Arduino},
  title =    {Dokumentacja języka},
  howpublished = {\url{https://www.arduino.cc/reference/en/}},
  month =    lipiec,
  year =     2020} 
@Misc{ArduinoBug,
  author =   {Russell108},
  title =    {BLE nano 33 nie zgłasza rozłączenia z centralą},
  howpublished = {\url{https://github.com/arduino-libraries/ArduinoBLE/issues/33}},
  month =    maj,
  year =     2020} 
@Misc{gimbal,
  author =   {Dejan},
  title =    {Arduino i MPU6050 akcelerometr i żyroskop - samouczek},
  howpublished = {\url{ https://howtomechatronics.com/tutorials/arduino/arduino-and-mpu6050-accelerometer-and-gyroscope-tutorial/}},
  month =    lipiec,
  year =     2020}
  
  
  

